<record><leader>00000cas a22000007a 4500</leader><controlfield tag="001">20714910</controlfield><controlfield tag="008">891130c19899999wiuwr ne      0   a0eng d</controlfield><datafield ind1=" " ind2=" " tag="010"><subfield code="a">sn 89002217 </subfield></datafield><datafield ind1=" " ind2=" " tag="040"><subfield code="a">WIH</subfield><subfield code="b">eng</subfield><subfield code="c">WIH</subfield><subfield code="d">NSD</subfield><subfield code="d">OCL</subfield><subfield code="d">OCLCQ</subfield><subfield code="d">OCLCF</subfield><subfield code="d">OCLCO</subfield></datafield><datafield ind1=" " ind2=" " tag="012"><subfield code="m">1</subfield></datafield><datafield ind1="1" ind2=" " tag="022"><subfield code="a">1047-8361</subfield><subfield code="l">1047-8361</subfield><subfield code="2">1</subfield></datafield><datafield ind1=" " ind2=" " tag="032"><subfield code="a">416220</subfield><subfield code="b">USPS</subfield></datafield><datafield ind1=" " ind2=" " tag="037"><subfield code="b">O-W Enterprise, P.O. Box F, 1006 Division St., Withee, WI 54498</subfield></datafield><datafield ind1=" " ind2=" " tag="042"><subfield code="a">nsdp</subfield><subfield code="a">msc</subfield></datafield><datafield ind1=" " ind2=" " tag="043"><subfield code="a">n-us-wi</subfield></datafield><datafield ind1=" " ind2="0" tag="222"><subfield code="a">O-W enterprise</subfield></datafield><datafield ind1="0" ind2="0" tag="245"><subfield code="a">O-W enterprise.</subfield></datafield><datafield ind1="3" ind2=" " tag="246"><subfield code="a">Owen-Withee enterprise</subfield></datafield><datafield ind1=" " ind2=" " tag="260"><subfield code="a">Withee, WI :</subfield><subfield code="b">[s.n.,</subfield><subfield code="c">1989]-</subfield></datafield><datafield ind1=" " ind2=" " tag="300"><subfield code="a">v. :</subfield><subfield code="b">ill. ;</subfield><subfield code="c">38 cm.</subfield></datafield><datafield ind1=" " ind2=" " tag="310"><subfield code="a">Weekly</subfield></datafield><datafield ind1="0" ind2=" " tag="362"><subfield code="a">Vol. 1, no. 1 (Nov. 23, 1989)-</subfield></datafield><datafield ind1=" " ind2=" " tag="500"><subfield code="a">Editors: Larry and Sandy Shimono.</subfield></datafield><datafield ind1=" " ind2=" " tag="515"><subfield code="a">Issues for Nov. 25, 1989- called also: Week 47-</subfield></datafield><datafield ind1=" " ind2="0" tag="651"><subfield code="a">Clark County (Wis.)</subfield><subfield code="v">Periodicals.</subfield></datafield><datafield ind1=" " ind2="7" tag="655"><subfield code="a">Periodicals.</subfield><subfield code="2">fast</subfield><subfield code="0">(OCoLC)fst01411641</subfield></datafield><datafield ind1=" " ind2="7" tag="651"><subfield code="a">Wisconsin</subfield><subfield code="z">Clark County.</subfield><subfield code="2">fast</subfield><subfield code="0">(OCoLC)fst01215977</subfield></datafield><datafield ind1=" " ind2=" " tag="752"><subfield code="a">United States</subfield><subfield code="b">Wisconsin</subfield><subfield code="c">Clark</subfield><subfield code="d">Owen.</subfield></datafield><datafield ind1=" " ind2=" " tag="752"><subfield code="a">United States</subfield><subfield code="b">Wisconsin</subfield><subfield code="c">Clark</subfield><subfield code="d">Withee.</subfield></datafield><datafield ind1="0" ind2="0" tag="780"><subfield code="t">Owen enterprise</subfield><subfield code="w">(DLC)sn 86086004</subfield><subfield code="w">(OCoLC)12968771</subfield></datafield></record>